%% This BibTeX bibliography file was created using BibDesk.
%% http://bibdesk.sourceforge.net/

%% Created for Ricardo Langner at 2011-05-27 13:40:00 +0200
%% Saved with string encoding Unicode (UTF-8)

@article{1,
  title={Blockchain and Artificial Intelligence},
  author={ Bo, Xing  and  Tshilidzi, Marwala },
  journal={Ssrn Electronic Journal},
  year={2018}
}

@misc{2,
	Author = {Riverbank Computing},
	Title = {PyQt5 Download},
	note = {\url{https://riverbankcomputing.com/software/pyqt/download5},
	Year = {2020}}
}

@article{3,
  title={Understanding Ethereum via Graph Analysis},
  author={ Chen, Ting  and  Zhu, Yuxiao  and  Li, Zihao  and  Chen, Jiachi  and  Zhange, Xiaosong },
  journal={ACM transactions on Internet technology},
  volume={20},
  number={2},
  pages={1--32},
  year={2020}
}

@book{4,
	Author = {Lanum, C. L.},
	Publisher = {Shelter Island, NY: Manning},
	Title = {Visualizing graph data},
	Year = {2017}}

@book{5,
	Author = {Meeks, E.},
	Publisher = {Shelter Island, NY: Manning},
	Title = {D3.js in action},
	Year = {2015}}

@inproceedings{6,
    author = {Spagnuolo, Michele and Maggi, Federico and Zanero, Stefano},
    year = {2014},
    month = {03},
    pages = {457--468},
    title = {BitIodine: Extracting Intelligence from the Bitcoin Network},
    volume = {8437},
    journal={FC 2014: Financial Cryptography and Data Security}
}

@inproceedings{7,
    title="Data-Driven De-Anonymization in Bitcoin",
    author="Nick, Jonas David ",
    url="https://www.acemap.info/paper/33625067",
    year="2015",
    journal= "ETH-Z\ddot{u}rich, Z\ddot{u}rich"
}

@article{8,
  title={Bitcoin Transaction Graph Analysis},
  author={Fleder, M. and Kester, M. S. and Pillai S.},
  journal={arXiv preprint},
  pages={arXiv:1502.01657},
  year={2015}
}

@inproceedings{9,
  title={An Analysis of Anonymity in the Bitcoin System},
  author={Reid, Fergal and Harrigan, Martin},
  booktitle={Security and Privacy in Social Networks},
  year={2013},
  publisher={New York, Springer}
  pages={197--223}
}

@book{10,
  title={Blockchain: Blueprint for a New Economy},
  author={ Swan, Melanie },
  publisher={O'Reilly},
  year={2015}
}

@article{11,
  title={Dissecting Ethereum Blockchain Analytics: What We Learn from Topology and Geometry of Ethereum Graph},
  author={ Li, Yitao  and  Islambekov, Umar  and  Akcora, Cuneyt  and  Smirnova, Ekaterina  and  Gel, Yulia R  and  Kantarcioglu, Murat },
  year={2019}
}

@misc{12,
	Author = {VisPy},
	Title = {VisPy: interactive scientific visualization in Python},
	note = {\url{https://github.com/vispy/vispy}},
	Year = {2020}
}

@article{13,
  title={On the Ethereum Blockchain Structure: a Complex Networks Theory Perspective},
  author={ Ferretti, Stefano  and  D'Angelo, Gabriele },
  journal={Concurrency and Computation: Practice and Experience},
  year={2019}
}

@misc{14,
	Author = {Ethereum Homestead},
	Title = {Account Types, Gas, and Transactions},
	note = {\url{http://ethdocs.org/en/latest/contracts-and-transactions/account-types-gas-and-transactions.html}},
	Year = {2020}}
}

@misc{15,
	Author = {Hagberg, A. and Schult, D.},
	Title = {PyGraphviz},
	note = {\url{https://github.com/pygraphviz/pygraphviz}},
	Year = {2020}}
}

@misc{16,
  title={Exploring Ethereum Nodes and Transactions},
  author={Yougxin, W},
  year={2017}
}

@misc{17,
	Title = {Exchanges Directory},
	note = {\url{https://etherscan.io/directory/Exchanges}}
}

@misc{18,
	Title = {Normal transactions VS. Internal transactions in etherscan},
	note = {\url{https://ethereum.stackexchange.com/questions/6429/nor-
mal-transactions-vs-internal-transactions-in-etherscan}},
}

@article{19,
  title={BitExTract: Interactive Visualization for Extracting Bitcoin Exchange Intelligence},
  author={Yue, Xuanwu et al.},
  journal={IEEE transactions on visualization and computer graphics},
  year={2019},
pages={162--171},
volumes={25},
number={1}
}

@misc{20,
	Author = {PyInstaller},
	Title = {PyInstaller Overview},
	note = {\url{https://github.com/pyinstaller/pyinstaller},
	Year = {2020}}
}

@article{21,
  title={XBlock-ETH: Extracting and Exploring Blockchain Data From Ethereum},
      author={Zheng, Peilin and Zheng, Zibin and Wu, Jiajing and Dai, Hong-Ning},
      journal={IEEE Open Journal of the Computer Society},
      year={2020},
    pages={95--106},
    volumes={1}
}

@misc{22,
	Author = {Allbit Exchange},
	Title = {Allbit Lists Dai (DAI)},
	note = {\url{https://medium.com/@Allbit/allbit-lists-dai-dai-ed2904f295c0}},
	Year = {2018}}
}

@misc{23,
	Author = {Cryptogeek},
	Title = {Compare Allbit vs DEx.top},
	note = {\url{https://cryptogeek.info/en/compare-exchanges/allbit-vs-dextop},
	Year = {2019}}
}


